@article{Ajwad2014ARobots,
    title = {{A comprehensive state-of-the-art on control of industrial articulated robots}},
    year = {2014},
    journal = {Journal of the Balkan Tribological Association},
    author = {Ajwad, S. A. and Ullah, M. I. and Baizid, K. and Iqbal, J.},
    number = {4},
    volume = {20},
    issn = {13104772}
}