@inproceedings{Juric2021ASLAM,
    title = {{A Comparison of Graph Optimization Approaches for Pose Estimation in SLAM}},
    year = {2021},
    booktitle = {2021 44th International Convention on Information, Communication and Electronic Technology, MIPRO 2021 - Proceedings},
    author = {Juric, Andela and Kendes, Filip and Markovic, Ivan and Petrovic, Ivan},
    doi = {10.23919/MIPRO52101.2021.9596721}
}

@article{FarukYANIK2023AMAPPING,
    title = {{A COMPREHENSIVE COMPUTATIONAL COST ANALYSIS FOR STATE-OF-THE-ART VISUAL SLAM METHODS FOR AUTONOMOUS MAPPING}},
    year = {2023},
    journal = {Commun.Fac.Sci.Univ.Ank.Series A2-A3},
    author = {Faruk YANIK, Ömer and Alparslan ILGIN, Hakkı},
    number = {1},
    pages = {1--15},
    volume = {65},
    url = {http://communications.science.ankara.edu.tr},
    doi = {10.33769/aupse.1195379},
    issn = {2618-6462},
    keywords = {Localization, computational cost, indoor navigation, mapping, visual SLAM}
}

@article{Mehndiratta2019AResults,
    title = {{A constrained instantaneous learning approach for aerial package delivery robots: onboard implementation and experimental results}},
    year = {2019},
    journal = {Autonomous Robots},
    author = {Mehndiratta, Mohit and Kayacan, Erdal},
    number = {8},
    volume = {43},
    doi = {10.1007/s10514-019-09875-y},
    issn = {15737527}
}

@article{Chen2021AOptimization,
    title = {{A lidar/visual slam backend with loop closure detection and graph optimization}},
    year = {2021},
    journal = {Remote Sensing},
    author = {Chen, Shoubin and Zhou, Baoding and Jiang, Changhui and Xue, Weixing and Li, Qingquan},
    number = {14},
    volume = {13},
    doi = {10.3390/rs13142720},
    issn = {20724292}
}

@article{Bacheti2021ALast-Mile-Delivery,
    title = {{A Path-Following Controller for a UAV-UGV Formation Performing the Final Step of Last-Mile-Delivery}},
    year = {2021},
    journal = {IEEE Access},
    author = {Bacheti, Vinicius Pacheco and Brandao, Alexandre Santos and Sarcinelli-Filho, Mario},
    volume = {9},
    doi = {10.1109/ACCESS.2021.3120347},
    issn = {21693536}
}

@article{Martinelli2007AInvariants,
    title = {{A relative map approach to SLAM based on shift and rotation invariants}},
    year = {2007},
    journal = {Robotics and Autonomous Systems},
    author = {Martinelli, Agostino and Nguyen, Viet and Tomatis, Nicola and Siegwart, Roland},
    number = {1},
    volume = {55},
    doi = {10.1016/j.robot.2006.06.009},
    issn = {09218890}
}

@misc{Liu2022AResearch,
    title = {{A Review of Collaborative Air-Ground Robots Research}},
    year = {2022},
    booktitle = {Journal of Intelligent and Robotic Systems: Theory and Applications},
    author = {Liu, Chang and Zhao, Jin and Sun, Nianyi},
    number = {3},
    volume = {106},
    doi = {10.1007/s10846-022-01756-4},
    issn = {15730409}
}

@article{Liu2020AEnvironments,
    title = {{A robust visual SLAM system in dynamic man-made environments}},
    year = {2020},
    journal = {Science China Technological Sciences},
    author = {Liu, Jia Cheng and Meng, Zi Yang and You, Zheng},
    number = {9},
    month = {9},
    pages = {1628--1636},
    volume = {63},
    publisher = {Springer Verlag},
    doi = {10.1007/s11431-020-1602-3},
    issn = {18691900},
    keywords = {Manhanttan world, SLAM, dynamic scenarios, graph optimization, line feature}
}

@article{Heon-CheolLee2012ACooperative-SLAM,
    title = {{A Survey of Map Merging Techniques for Cooperative-SLAM}},
    year = {2012},
    journal = {International Conference on Ubiquitous Robots and Ambient Intelligence (URAI)},
    author = {{Heon-Cheol Lee} and {Seung-Hwan Lee} and {Tae-Seok Lee} and {Doo-Jin Kim} and {Beom-Hee Lee}},
    month = {11},
    volume = {9},
    isbn = {9781467331128},
    doi = {978-1-4673-3112-8/12}
}

@misc{AbaspurKazerouni2022ASLAM,
    title = {{A survey of state-of-the-art on visual SLAM}},
    year = {2022},
    booktitle = {Expert Systems with Applications},
    author = {Abaspur Kazerouni, Iman and Fitzgerald, Luke and Dooly, Gerard and Toal, Daniel},
    month = {11},
    volume = {205},
    publisher = {Elsevier Ltd},
    doi = {10.1016/j.eswa.2022.117734},
    issn = {09574174},
    keywords = {Deep learning, Feature matching, Robot, SLAM, Sensors}
}

@article{Placed2023AFrontiers,
    title = {{A Survey on Active Simultaneous Localization and Mapping: State of the Art and New Frontiers}},
    year = {2023},
    journal = {IEEE Transactions on Robotics},
    author = {Placed, Julio A. and Strader, Jared and Carrillo, Henry and Atanasov, Nikolay and Indelman, Vadim and Carlone, Luca and Castellanos, Jose A.},
    publisher = {Institute of Electrical and Electronics Engineers Inc.},
    doi = {10.1109/TRO.2023.3248510},
    issn = {19410468},
    arxivId = {2207.00254},
    keywords = {Active perception, Location awareness, Navigation, Planning, Robot kinematics, Robots, Simultaneous localization and mapping, Uncertainty, active simultaneous localization and mapping (SLAM), autonomous robotic exploration, belief-space planning (BSP), deep reinforcement learning (DRL), next best view, optimality criteria}
}

@article{Villa2020AUAVs,
    title = {{A Survey on Load Transportation Using Multirotor UAVs}},
    year = {2020},
    journal = {Journal of Intelligent and Robotic Systems: Theory and Applications},
    author = {Villa, Daniel K.D. and Brand{\~{a}}o, Alexandre S. and Sarcinelli-Filho, Mário},
    number = {2},
    volume = {98},
    doi = {10.1007/s10846-019-01088-w},
    issn = {15730409}
}

@misc{Xu2021AMapping,
    title = {{A survey: which features are required for dynamic visual simultaneous localization and mapping?}},
    year = {2021},
    booktitle = {Visual Computing for Industry, Biomedicine, and Art},
    author = {Xu, Zewen and Rong, Zheng and Wu, Yihong},
    number = {1},
    month = {12},
    volume = {4},
    publisher = {Springer},
    doi = {10.1186/s42492-021-00086-w},
    issn = {25244442},
    keywords = {Data association, Dynamic simultaneous localization and mapping, Feature choices, Multiple objects tracking, Object simultaneous localization and mapping}
}

@inproceedings{Liu2021AccurateRobot,
    title = {{Accurate real-time visual SLAM combining building models and GPS for mobile robot}},
    year = {2021},
    booktitle = {Journal of Real-Time Image Processing},
    author = {Liu, Ruyu and Zhang, Jianhua and Chen, Shengyong and Yang, Thomas and Arth, Clemens},
    number = {2},
    month = {4},
    pages = {419--429},
    volume = {18},
    publisher = {Springer Science and Business Media Deutschland GmbH},
    doi = {10.1007/s11554-020-00989-6},
    issn = {18618219},
    keywords = {Building models, Graph optimization, Multimodal fusion, Robot localization}
}

@article{Martins2008AnTracking,
    title = {{An adaptive dynamic controller for autonomous mobile robot trajectory tracking}},
    year = {2008},
    journal = {Control Engineering Practice},
    author = {Martins, Felipe N. and Celeste, Wanderley C. and Carelli, Ricardo and Sarcinelli-Filho, Mário and Bastos-Filho, Teodiano F.},
    number = {11},
    month = {11},
    pages = {1354--1363},
    volume = {16},
    publisher = {Pergamon},
    doi = {10.1016/J.CONENGPRAC.2008.03.004},
    issn = {0967-0661},
    keywords = {Adaptive controller, Dynamic model, Mobile robots, Non-linear systems, Trajectory tracking}
}

@misc{Feng2020AnSystems,
    title = {{An overview of collaborative robotic manipulation in multi-robot systems}},
    year = {2020},
    booktitle = {Annual Reviews in Control},
    author = {Feng, Zhi and Hu, Guoqiang and Sun, Yajuan and Soon, Jeffrey},
    volume = {49},
    doi = {10.1016/j.arcontrol.2020.02.002},
    issn = {13675788}
}

@article{Zhu2024CameraSurvey,
    title = {{Camera, LiDAR, and IMU Based Multi-Sensor Fusion SLAM: A Survey}},
    year = {2024},
    journal = {Tsinghua Science and Technology},
    author = {Zhu, Jun and Li, Hongyi and Zhang, Tao},
    number = {2},
    volume = {29},
    doi = {10.26599/TST.2023.9010010},
    issn = {18787606}
}

@article{Sharafutdinov2023ComparisonApproaches,
    title = {{Comparison of modern open-source Visual SLAM approaches}},
    year = {2023},
    journal = {Journal of Intelligent and Robotic Systems: Theory and Applications},
    author = {Sharafutdinov, Dinar and Griguletskii, Mark and Kopanev, Pavel and Kurenkov, Mikhail and Ferrer, Gonzalo and Burkov, Aleksey and Gonnochenko, Aleksei and Tsetserukou, Dzmitry},
    number = {3},
    month = {3},
    volume = {107},
    publisher = {Institute for Ionics},
    doi = {10.1007/s10846-023-01812-7},
    issn = {15730409},
    arxivId = {2108.01654},
    keywords = {Benchmarking, SLAM, SLAM comparison, VIO}
}

@techreport{Sarcinelli-FilhoControlRobots,
    title = {{Control of Ground and Aerial Robots}},
    author = {Sarcinelli-Filho, Mario and Carelli, Ricardo}
}

@incollection{Sarcinelli-Filho2023ControlSystems,
    title = {{Control of Multi-robot Systems}},
    year = {2023},
    booktitle = {Intelligent Systems, Control and Automation: Science and Engineering},
    author = {Sarcinelli-Filho, Mario and Carelli, Ricardo},
    volume = {103},
    doi = {10.1007/978-3-031-23088-2{\_}5},
    issn = {22138994}
}

@inproceedings{ValentimErnandes-Neto2021ControleLider,
    title = {{Controle de Forma{\c{c}}{\~{a}}o Baseado em Espa{\c{c}}o Nulo com Possibilidade de Altera{\c{c}}{\~{a}}o de L{\'{i}}der}},
    year = {2021},
    booktitle = {Procedings do XV Simp{\'{o}}sio Brasileiro de Automa{\c{c}}{\~{a}}o Inteligente},
    author = {{Valentim Ernandes-Neto} and {Alexandre S. Brand{\~{a}}o} and {Mario Sarcinelli-Filho}},
    doi = {10.20906/sbai.v1i1.2824}
}

@article{Villa2021CooperativeControl,
    title = {{Cooperative load transportation with two quadrotors using adaptive control}},
    year = {2021},
    journal = {IEEE Access},
    author = {Villa, Daniel Khede Dourado and Brandao, Alexandre Santos and Carelli, Ricardo and Sarcinelli-Filho, Mario},
    volume = {9},
    doi = {10.1109/ACCESS.2021.3113466},
    issn = {21693536}
}

@article{Zou2013CoSLAM:Environments,
    title = {{CoSLAM: Collaborative visual SLAM in dynamic environments}},
    year = {2013},
    journal = {IEEE Transactions on Pattern Analysis and Machine Intelligence},
    author = {Zou, Danping and Tan, Ping},
    number = {2},
    pages = {354--366},
    volume = {35},
    doi = {10.1109/TPAMI.2012.104},
    issn = {01628828},
    pmid = {22547430},
    keywords = {Visual SLAM, dynamic environments, structure-from-motion, swarm}
}

@article{Barbosa2015DesignSystem,
    title = {{Design and Validation of an RGB-D Based Localization System - Integration in a Docking System}},
    year = {2015},
    journal = {Journal of Intelligent and Robotic Systems: Theory and Applications},
    author = {Barbosa, João and Cardeira, Carlos and Oliveira, Paulo and Batista, Pedro and Silvestre, Carlos},
    number = {3-4},
    volume = {80},
    doi = {10.1007/s10846-015-0181-7},
    issn = {15730409}
}

@article{Li2021DP-SLAM:Environments,
    title = {{DP-SLAM: A visual SLAM with moving probability towards dynamic environments}},
    year = {2021},
    journal = {Information Sciences},
    author = {Li, Ao and Wang, Jikai and Xu, Meng and Chen, Zonghai},
    month = {5},
    pages = {128--142},
    volume = {556},
    publisher = {Elsevier Inc.},
    doi = {10.1016/j.ins.2020.12.019},
    issn = {00200255},
    keywords = {Dynamic environments, Probability propagation model, SLAM}
}

@inproceedings{Paul2005DualEnvironments,
    title = {{Dual kalman filters for autonomous terrain aided navigation in unknown environments}},
    year = {2005},
    booktitle = {Proceedings of the International Joint Conference on Neural Networks},
    author = {Paul, Anindya S. and Wan, Eric A.},
    volume = {5},
    doi = {10.1109/IJCNN.2005.1556366}
}

@article{Alligier2023Dual-HorizonSystems,
    title = {{Dual-Horizon Reciprocal Collision Avoidance for Aircraft and Unmanned Aerial Systems}},
    year = {2023},
    journal = {Journal of Intelligent and Robotic Systems: Theory and Applications},
    author = {Alligier, Richard and Gianazza, David and Durand, Nicolas and Olive, Xavier},
    number = {1},
    volume = {107},
    doi = {10.1007/s10846-022-01782-2},
    issn = {15730409}
}

@techreport{HerathFoundationsROS,
    title = {{Foundations of Robotics A Multidisciplinary Approach with Python and ROS}},
    author = {Herath, Damith and St-Onge Eds, David}
}

@article{Sahin2023FromRobots,
    title = {{From drinking philosophers to asynchronous path-following robots}},
    year = {2023},
    journal = {Automatica},
    author = {Sahin, Yunus Emre and Ozay, Necmiye},
    volume = {151},
    doi = {10.1016/j.automatica.2023.110873},
    issn = {00051098}
}

@misc{Bavle2023FromSurvey,
    title = {{From SLAM to Situational Awareness: Challenges and Survey}},
    year = {2023},
    booktitle = {Sensors},
    author = {Bavle, Hriday and Sanchez-Lopez, Jose Luis and Cimarelli, Claudio and Tourani, Ali and Voos, Holger},
    number = {10},
    month = {5},
    volume = {23},
    publisher = {MDPI},
    doi = {10.3390/s23104849},
    issn = {14248220},
    arxivId = {2110.00273},
    keywords = {mobile robots, scene graphs, scene understanding, simultaneous localization and mapping}
}

@article{Min2023Funnel-basedConstraints,
    title = {{Funnel-based Asymptotic Control of Leader-Follower Nonholonomic Robots Subject to Formation Constraints}},
    year = {2023},
    journal = {IEEE Transactions on Control of Network Systems},
    author = {Min, Xiao and Baldi, Simone and Yu, Wenwu},
    doi = {10.1109/TCNS.2023.3240223},
    issn = {23255870}
}

@article{Kummerle2017G2o:Optimization,
    title = {{g2o: A general Framework for (Hyper) Graph Optimization}},
    year = {2017},
    journal = {Proc. of the IEEE Int. Conf. on Robotics and Automation (ICRA)},
    author = {K{\"{u}}mmerle, Rainer and Rainer, K and Grisetti, Giorgio and Konolige, Kurt},
    number = {1}
}

@inproceedings{Kummerle2011G2o:Optimization,
    title = {{G2o: A general framework for graph optimization}},
    year = {2011},
    booktitle = {Proceedings - IEEE International Conference on Robotics and Automation},
    author = {K{\"{u}}mmerle, Rainer and Grisetti, Giorgio and Strasdat, Hauke and Konolige, Kurt and Burgard, Wolfram},
    doi = {10.1109/ICRA.2011.5979949},
    issn = {10504729}
}

@article{Chang2019GNSS/INS/LiDAR-SLAMOptimization,
    title = {{GNSS/INS/LiDAR-SLAM integrated navigation system based on graph optimization}},
    year = {2019},
    journal = {Remote Sensing},
    author = {Chang, Le and Niu, Xiaoji and Liu, Tianyi and Tang, Jian and Qian, Chuang},
    number = {9},
    volume = {11},
    doi = {10.3390/rs11091009},
    issn = {20724292}
}

@article{Fang2021GraphLocalization,
    title = {{Graph Optimization Approach to Range-Based Localization}},
    year = {2021},
    journal = {IEEE Transactions on Systems, Man, and Cybernetics: Systems},
    author = {Fang, Xu and Wang, Chen and Nguyen, Thien Minh and Xie, Lihua},
    number = {11},
    volume = {51},
    doi = {10.1109/TSMC.2020.2964713},
    issn = {21682232}
}

@article{Li2021Gumbel-softmax-basedGraphs,
    title = {{Gumbel-softmax-based optimization: A simple general framework for optimization problems on graphs}},
    year = {2021},
    journal = {Computational Social Networks},
    author = {Li, Yaoxin and Liu, Jing and Lin, Guozheng and Hou, Yueyuan and Mou, Muyun and Zhang, Jiang},
    number = {1},
    volume = {8},
    doi = {10.1186/s40649-021-00086-z},
    issn = {21974314}
}

@article{Zhu1991HiddenNavigation,
    title = {{Hidden Markov Model for Dynamic Obstacle Avoidance of Mobile Robot Navigation}},
    year = {1991},
    journal = {IEEE Transactions on Robotics and Automation},
    author = {Zhu, Qiuming},
    number = {3},
    volume = {7},
    doi = {10.1109/70.88149},
    issn = {1042296X}
}

@article{Zhang2023Hilti-OxfordMapping,
    title = {{Hilti-Oxford Dataset: A Millimeter-Accurate Benchmark for Simultaneous Localization and Mapping}},
    year = {2023},
    journal = {IEEE Robotics and Automation Letters},
    author = {Zhang, Lintong and Helmberger, Michael and Fu, Lanke Frank Tarimo and Wisth, David and Camurri, Marco and Scaramuzza, Davide and Fallon, Maurice},
    number = {1},
    volume = {8},
    url = {https://arxiv.org/abs/2208.09825},
    doi = {10.1109/LRA.2022.3226077},
    issn = {23773766}
}

@article{Santhanakrishnan2017ImplementationApproach,
    title = {{Implementation of extended Kalman filter-based simultaneous localization and mapping: a point feature approach}},
    year = {2017},
    journal = {Sadhana - Academy Proceedings in Engineering Sciences},
    author = {Santhanakrishnan, Manigandan Nagarajan and Rayappan, John Bosco Balaguru and Kannan, Ramkumar},
    number = {9},
    volume = {42},
    doi = {10.1007/s12046-017-0692-y},
    issn = {09737677}
}

@article{Grisetti2007ImprovedFilters,
    title = {{Improved techniques for grid mapping with Rao-Blackwellized particle filters}},
    year = {2007},
    journal = {IEEE Transactions on Robotics},
    author = {Grisetti, Giorgio and Stachniss, Cyrill and Burgard, Wolfram},
    number = {1},
    volume = {23},
    doi = {10.1109/TRO.2006.889486},
    issn = {15523098}
}

@inproceedings{Zikou2015InspectionVehicle,
    title = {{Inspection operations using an aerial robot powered-over-tether by a ground vehicle}},
    year = {2015},
    booktitle = {Lecture Notes in Computer Science (including subseries Lecture Notes in Artificial Intelligence and Lecture Notes in Bioinformatics)},
    author = {Zikou, Lida and Papachristos, Christos and Alexis, Kostas and Tzes, Anthony},
    volume = {9474},
    doi = {10.1007/978-3-319-27857-5{\_}41},
    issn = {16113349}
}

@article{Mollica2023IntegratingStudy,
    title = {{Integrating Sparse Learning-Based Feature Detectors into Simultaneous Localization and Mapping—A Benchmark Study}},
    year = {2023},
    journal = {Sensors},
    author = {Mollica, Giuseppe and Legittimo, Marco and Dionigi, Alberto and Costante, Gabriele and Valigi, Paolo},
    number = {4},
    volume = {23},
    doi = {10.3390/s23042286},
    issn = {14248220}
}

@inproceedings{Gu2022InvariantNavigation,
    title = {{Invariant EKF Based Mobile Robot Simultaneous Localization and Mapping Navigation}},
    year = {2022},
    booktitle = {Communications in Computer and Information Science},
    author = {Gu, Chaoyue and Sun, Zhenxing and Ting, Wang},
    volume = {1700 CCIS},
    doi = {10.1007/978-981-19-7946-0{\_}35},
    issn = {18650937}
}

@inproceedings{Kaess2007ISAM:Association,
    title = {{iSAM: Fast incremental smoothing and mapping with efficient data association}},
    year = {2007},
    booktitle = {Proceedings - IEEE International Conference on Robotics and Automation},
    author = {Kaess, Michael and Ranganathan, Ananth and Dellaert, Frank},
    doi = {10.1109/ROBOT.2007.363563},
    issn = {10504729}
}

@article{Kaess2008ISAM:Mapping,
    title = {{iSAM: Incremental smoothing and mapping}},
    year = {2008},
    journal = {IEEE Transactions on Robotics},
    author = {Kaess, Michael and Ranganathan, Ananth and Dellaert, Frank},
    number = {6},
    volume = {24},
    doi = {10.1109/TRO.2008.2006706},
    issn = {15523098}
}

@article{Chen2012KalmanSurvey,
    title = {{Kalman filter for robot vision: A survey}},
    year = {2012},
    journal = {IEEE Transactions on Industrial Electronics},
    author = {Chen, S. Y.},
    number = {11},
    volume = {59},
    doi = {10.1109/TIE.2011.2162714},
    issn = {02780046}
}

@incollection{Sarcinelli-Filho2023KinematicModels,
    title = {{Kinematic Models}},
    year = {2023},
    booktitle = {Intelligent Systems, Control and Automation: Science and Engineering},
    author = {Sarcinelli-Filho, Mario and Carelli, Ricardo},
    volume = {103},
    doi = {10.1007/978-3-031-23088-2{\_}2},
    issn = {22138994}
}

@article{Rabelo2021LandingController,
    title = {{Landing a UAV on Static or Moving Platforms Using a Formation Controller}},
    year = {2021},
    journal = {IEEE Systems Journal},
    author = {Rabelo, Marcos Felipe Santos and Brandao, Alexandre Santos and Sarcinelli-Filho, Mário},
    number = {1},
    volume = {15},
    doi = {10.1109/JSYST.2020.2975139},
    issn = {19379234}
}

@inproceedings{Bacheti2022Leader-FollowerDelivery,
    title = {{Leader-Follower UGV-UAV Formation as Control Paradigm for Package Delivery}},
    year = {2022},
    booktitle = {2022 International Conference on Unmanned Aircraft Systems, ICUAS 2022},
    author = {Bacheti, Vinicius Pacheco and Brandao, Alexandre Santos and Sarcinelli-Filho, Mario},
    doi = {10.1109/ICUAS54217.2022.9836065}
}

@inproceedings{Bacheti2022Leader-FollowerDeliveryb,
    title = {{Leader-Follower UGV-UAV Formation as Control Paradigm for Package Delivery}},
    year = {2022},
    booktitle = {2022 International Conference on Unmanned Aircraft Systems, ICUAS 2022},
    author = {Bacheti, Vinicius Pacheco and Brandao, Alexandre Santos and Sarcinelli-Filho, Mario},
    doi = {10.1109/ICUAS54217.2022.9836065}
}

@misc{Yue2024LiDAR-basedFrontiers,
    title = {{LiDAR-based SLAM for robotic mapping: state of the art and new frontiers}},
    year = {2024},
    booktitle = {Industrial Robot},
    author = {Yue, Xiangdi and Zhang, Yihuan and Chen, Jiawei and Chen, Junxin and Zhou, Xuanyi and He, Miaolei},
    number = {2},
    volume = {51},
    doi = {10.1108/IR-09-2023-0225},
    issn = {0143991X}
}

@article{Chahine2021MappingSuites,
    title = {{Mapping in unstructured natural environment: a sensor fusion framework for wearable sensor suites}},
    year = {2021},
    journal = {SN Applied Sciences},
    author = {Chahine, Georges and Vaidis, Maxime and Pomerleau, François and Pradalier, Cédric},
    number = {5},
    month = {5},
    volume = {3},
    publisher = {Springer Nature},
    doi = {10.1007/s42452-021-04555-y},
    issn = {25233971},
    keywords = {Mapping, Natural environment, Sensor fusion, Wearable robots}
}

@article{Chen2023MilestonesSurveys,
    title = {{Milestones in Autonomous Driving and Intelligent Vehicles: Survey of Surveys}},
    year = {2023},
    journal = {IEEE Transactions on Intelligent Vehicles},
    author = {Chen, Long and Li, Yuchen and Huang, Chao and Li, Bai and Xing, Yang and Tian, Daxin and Li, Li and Hu, Zhongxu and Na, Xiaoxiang and Li, Zixuan and Teng, Siyu and Lv, Chen and Wang, Jinjun and Cao, Dongpu and Zheng, Nanning and Wang, Fei Yue},
    number = {2},
    volume = {8},
    url = {https://arxiv.org/abs/2303.17220},
    doi = {10.1109/TIV.2022.3223131},
    issn = {23798858}
}

@inproceedings{Song2010MobileSLAM,
    title = {{Mobile robot loop closing using monocular vision SLAM}},
    year = {2010},
    booktitle = {Proceedings of the SICE Annual Conference},
    author = {Song, Kai Tai and Yuan, Li Deh}
}

@inproceedings{Griffin2023MobileDetection,
    title = {{Mobile Robot Manipulation using Pure Object Detection}},
    year = {2023},
    booktitle = {Proceedings - 2023 IEEE Winter Conference on Applications of Computer Vision, WACV 2023},
    author = {Griffin, Brent},
    doi = {10.1109/WACV56688.2023.00063}
}

@article{Bouzoualegh2018ModelRobot,
    title = {{Model Predictive Control of a Differential-Drive Mobile Robot}},
    year = {2018},
    journal = {Acta Universitatis Sapientiae Electrical and Mechanical Engineering},
    author = {Bouzoualegh, Samir and Guechi, El-Hadi and Kelaiaia, Ridha},
    number = {1},
    volume = {10},
    doi = {10.2478/auseme-2018-0002}
}

@article{Teng2023MotionPerspectives,
    title = {{Motion Planning for Autonomous Driving: The State of the Art and Future Perspectives}},
    year = {2023},
    journal = {IEEE Transactions on Intelligent Vehicles},
    author = {Teng, Siyu and Hu, Xuemin and Deng, Peng and Li, Bai and Li, Yuchen and Ai, Yunfeng and Yang, Dongsheng and Li, Lingxi and Xuanyuan, Zhe and Zhu, Fenghua and Chen, Long},
    publisher = {Institute of Electrical and Electronics Engineers Inc.},
    doi = {10.1109/TIV.2023.3274536},
    issn = {23798858},
    arxivId = {2303.09824},
    keywords = {Autonomous vehicles, Behavioral sciences, Motion planning, Pipelines, Planning, Robustness, Task analysis, Trajectory, end-to-end planning, imitation learning, parallel learning, pipeline planning, reinforcement learning}
}

@misc{Xu2019NewTechnology,
    title = {{New advances in multiple autonomous aerial robots formation control technology}},
    year = {2019},
    booktitle = {Science China Technological Sciences},
    author = {Xu, Yang and Luo, De Lin and You, Yan Cheng and Duan, Hai Bin},
    number = {10},
    volume = {62},
    doi = {10.1007/s11431-018-9457-9},
    issn = {18691900}
}

@article{Wei2022NovelRobots,
    title = {{Novel robust simultaneous localization and mapping for long-term autonomous robots}},
    year = {2022},
    journal = {Frontiers of Information Technology and Electronic Engineering},
    author = {Wei, Wei and Zhu, Xiaorui and Wang, Yi},
    number = {2},
    month = {2},
    pages = {234--245},
    volume = {23},
    publisher = {Zhejiang University},
    doi = {10.1631/FITEE.2000358},
    issn = {20959230},
    keywords = {Light detection and ranging (LiDaR), Long-term, Robustness, Simultaneous localization and mapping (SLAM), TP399, Visual inertial LiDaR navigation (VILN)}
}

@inproceedings{MafraMoreira2022ObstacleFields,
    title = {{Obstacle Avoidance for a Heterogeneous Formation Using the Null Space-based Behavioral Approach and Potential Fields}},
    year = {2022},
    booktitle = {2022 International Conference on Unmanned Aircraft Systems, ICUAS 2022},
    author = {Mafra Moreira, Mauro Sergio and Sarcinelli-Filho, Mario},
    doi = {10.1109/ICUAS54217.2022.9836040}
}

@inproceedings{MafraMoreira2022ObstacleFieldsb,
    title = {{Obstacle Avoidance for a Heterogeneous Formation Using the Null Space-based Behavioral Approach and Potential Fields}},
    year = {2022},
    booktitle = {2022 International Conference on Unmanned Aircraft Systems, ICUAS 2022},
    author = {Mafra Moreira, Mauro Sergio and Sarcinelli-Filho, Mario},
    doi = {10.1109/ICUAS54217.2022.9836040}
}

@article{Baltieri2020OnInference,
    title = {{On Kalman-Bucy filters, linear quadratic control and active inference}},
    year = {2020},
    author = {Baltieri, Manuel and Buckley, Christopher L.},
    month = {5},
    url = {http://arxiv.org/abs/2005.06269},
    arxivId = {2005.06269}
}

@inproceedings{Dewan2013OptimizationMapping,
    title = {{Optimization based coordinated UGV-MAV exploration for 2D augmented mapping}},
    year = {2013},
    booktitle = {12th International Conference on Autonomous Agents and Multiagent Systems 2013, AAMAS 2013},
    author = {Dewan, Ayush and Mahendran, Aravindh and Soni, Nikhil and Krishna, K. Madhava},
    volume = {2}
}

@article{Cadena2016PastAge,
    title = {{Past, present, and future of simultaneous localization and mapping: Toward the robust-perception age}},
    year = {2016},
    journal = {IEEE Transactions on Robotics},
    author = {Cadena, Cesar and Carlone, Luca and Carrillo, Henry and Latif, Yasir and Scaramuzza, Davide and Neira, Jose and Reid, Ian and Leonard, John J.},
    number = {6},
    month = {12},
    pages = {1309--1332},
    volume = {32},
    publisher = {Institute of Electrical and Electronics Engineers Inc.},
    doi = {10.1109/TRO.2016.2624754},
    issn = {15523098},
    arxivId = {1606.05830},
    keywords = {Factor graphs, localization, mapping, maximum a posteriori estimation, perception, robots, sensing, simultaneous localization and mapping (SLAM)}
}

@misc{Farooq2023PowerSurvey,
    title = {{Power solutions for autonomous mobile robots: A survey}},
    year = {2023},
    booktitle = {Robotics and Autonomous Systems},
    author = {Farooq, Muhammad Umar and Eizad, Amre and Bae, Hyun Ki},
    volume = {159},
    doi = {10.1016/j.robot.2022.104285},
    issn = {09218890}
}

@article{Mohanan2020ProbabilisticEnvironments,
    title = {{Probabilistic Approach to Robot Motion Planning in Dynamic Environments}},
    year = {2020},
    journal = {SN Computer Science},
    author = {Mohanan, M. G. and Salgaonkar, Ambuja},
    number = {3},
    volume = {1},
    doi = {10.1007/s42979-020-00185-0},
    issn = {26618907}
}

@inproceedings{DeCarvalho2022Q-learningShifting,
    title = {{Q-learning based Path Planning Method for UAVs using Priority Shifting}},
    year = {2022},
    booktitle = {2022 International Conference on Unmanned Aircraft Systems, ICUAS 2022},
    author = {De Carvalho, Kevin B. and De Oliveira, Iure Rosa L. and Villa, Daniel K.D. and Caldeira, Alexandre G. and Sarcinelli-Filho, Mario and Brandao, Alexandre S.},
    doi = {10.1109/ICUAS54217.2022.9836175}
}

@article{Vasconcelos2020Real-timeMissions,
    title = {{Real-time path planning for strategic missions}},
    year = {2020},
    journal = {Applied Sciences (Switzerland)},
    author = {Vasconcelos, João Vítor R. and Brand{\~{a}}o, Alexandre S. and Sarcinelli-Filho, Mário},
    number = {21},
    volume = {10},
    doi = {10.3390/app10217773},
    issn = {20763417}
}

@article{Vasconcelos2020Real-timeMissionsb,
    title = {{Real-time path planning for strategic missions}},
    year = {2020},
    journal = {Applied Sciences (Switzerland)},
    author = {Vasconcelos, João Vítor R. and Brand{\~{a}}o, Alexandre S. and Sarcinelli-Filho, Mário},
    number = {21},
    volume = {10},
    doi = {10.3390/app10217773},
    issn = {20763417}
}

@inproceedings{Langerwisch2012RealizationVehicles,
    title = {{Realization of an autonomous team of unmanned ground and aerial vehicles}},
    year = {2012},
    booktitle = {Lecture Notes in Computer Science (including subseries Lecture Notes in Artificial Intelligence and Lecture Notes in Bioinformatics)},
    author = {Langerwisch, Marco and Ax, Markus and Thamke, Stefan and Remmersmann, Thomas and Tiderko, Alexander and Kuhnert, Klaus Dieter and Wagner, Bernardo},
    number = {PART 1},
    volume = {7506 LNAI},
    doi = {10.1007/978-3-642-33509-9{\_}29},
    issn = {03029743}
}

@article{Wanasinghe2015RelativeSystem,
    title = {{Relative Localization Approach for Combined Aerial and Ground Robotic System}},
    year = {2015},
    journal = {Journal of Intelligent and Robotic Systems: Theory and Applications},
    author = {Wanasinghe, Thumeera R. and George, George K. and Gosine, Raymond G.},
    number = {1},
    volume = {77},
    doi = {10.1007/s10846-014-0094-x},
    issn = {15730409}
}

@article{Mohanan2022RoboticApplications,
    title = {{Robotic Motion Planning in Dynamic Environments and its Applications}},
    year = {2022},
    journal = {International Journal of Robotics and Control Systems},
    author = {Mohanan, M. G. and Salgaonkar, Ambuja},
    number = {3},
    volume = {2},
    doi = {10.31763/ijrcs.v2i4.816}
}

@article{Badue2021Self-drivingSurvey,
    title = {{Self-driving cars: A survey}},
    year = {2021},
    journal = {Expert Systems with Applications},
    author = {Badue, Claudine and Guidolini, Rânik and Carneiro, Raphael Vivacqua and Azevedo, Pedro and Cardoso, Vinicius B. and Forechi, Avelino and Jesus, Luan and Berriel, Rodrigo and Paix{\~{a}}o, Thiago M. and Mutz, Filipe and de Paula Veronese, Lucas and Oliveira-Santos, Thiago and De Souza, Alberto F.},
    month = {3},
    pages = {113816},
    volume = {165},
    publisher = {Pergamon},
    doi = {10.1016/J.ESWA.2020.113816},
    issn = {0957-4174},
    arxivId = {1901.04407},
    keywords = {Behavior selection, Motion planning, Moving objects detection, Moving objects tracking, Obstacle avoidance, Occupancy grid mapping, Road mapping, Robot control, Robot localization, Route planning, Self-driving cars, Traffic signalization detection, Traffic signalization recognition}
}

@article{deOliveiraSouza2020SolutionsDeliveries,
    title = {{Solutions for last mile deliveries}},
    year = {2020},
    journal = {Urbe},
    author = {de Oliveira Souza, Camilla and de Almeida D’Agosto, Márcio and de Mello Bandeira, Renata Albergaria and Lessi de Almeida, Isabela Rocha Pombo},
    volume = {12},
    doi = {10.1590/2175-3369.012.e20190138},
    issn = {21753369}
}

@article{Bai2021SparseSpace,
    title = {{Sparse pose graph optimization in cycle space}},
    year = {2021},
    journal = {IEEE Transactions on Robotics},
    author = {Bai, Fang and Vidal-Calleja, Teresa and Grisetti, Giorgio},
    number = {5},
    volume = {37},
    doi = {10.1109/TRO.2021.3050328},
    issn = {19410468}
}

@article{Harasim2016StateRobots,
    title = {{State of the art in predictive control of wheeled mobile robots}},
    year = {2016},
    journal = {Journal of Automation, Mobile Robotics and Intelligent Systems},
    author = {Harasim, Patryk and Trojnacki, Maciej},
    number = {1},
    volume = {10},
    doi = {10.14313/JAMRIS{\_}1-2016/5},
    issn = {20802145}
}

@article{Zhang2021SurveySLAM,
    title = {{Survey and Evaluation of RGB-D SLAM}},
    year = {2021},
    journal = {IEEE Access},
    author = {Zhang, Shishun and Zheng, Longyu and Tao, Wenbing},
    pages = {21367--21387},
    volume = {9},
    publisher = {Institute of Electrical and Electronics Engineers Inc.},
    doi = {10.1109/ACCESS.2021.3053188},
    issn = {21693536},
    keywords = {Computer vision, RGB-D SLAM, evaluation, robotics, survey}
}

@misc{Song2019SurveySystems,
    title = {{Survey of duality between linear quadratic regulation and linear estimation problems for discrete-time systems}},
    year = {2019},
    booktitle = {Advances in Difference Equations},
    author = {Song, Xinmin and Yan, Xuehua and Li, Xiaodi},
    number = {1},
    month = {12},
    volume = {2019},
    publisher = {Springer International Publishing},
    doi = {10.1186/s13662-019-2043-2},
    issn = {16871847},
    keywords = {Difference Riccati equation, Duality, Linear estimation, Linear quadratic regulation, Markov jump, Multiplicative noise, Time-delay}
}

@inproceedings{Spero2004TowardsLocalisation,
    title = {{Towards exteroceptive based localisation}},
    year = {2004},
    booktitle = {2004 IEEE Conference on Robotics, Automation and Mechatronics},
    author = {Spero, Dorian J. and Jarvis, Ray A.},
    doi = {10.1109/ramech.2004.1438024}
}

@article{Sanchez-Lopez2020TrajectoryApproach,
    title = {{Trajectory Tracking for Aerial Robots: an Optimization-Based Planning and Control Approach}},
    year = {2020},
    journal = {Journal of Intelligent and Robotic Systems: Theory and Applications},
    author = {Sanchez-Lopez, Jose Luis and Castillo-Lopez, Manuel and Olivares-Mendez, Miguel A. and Voos, Holger},
    number = {2},
    volume = {100},
    doi = {10.1007/s10846-020-01203-2},
    issn = {15730409}
}

@inproceedings{Dias2015UncertaintyTriangulation,
    title = {{Uncertainty based multi-robot cooperative triangulation}},
    year = {2015},
    booktitle = {Lecture Notes in Artificial Intelligence (Subseries of Lecture Notes in Computer Science)},
    author = {Dias, Andre and Almeida, Jose and Lima, Pedro and Silva, Eduardo},
    volume = {8992},
    doi = {10.1007/978-3-319-18615-3{\_}41},
    issn = {03029743}
}

@inproceedings{Vale2021VeiculoIndustrial,
    title = {{Ve{\'{i}}culo Aut{\^{o}}nomo Guiado para Entrega de M{\'{a}}scaras de Prote{\c{c}}{\~{a}}o no Ambiente Industrial}},
    year = {2021},
    author = {Vale, Andriano Bertoti do and Santana, Dionatan and Ribeiro, Douglas Godoi and Stttraube, Guilherme and Block, Sylvio and Silva, Cassiana Fagundes da},
    doi = {10.5753/sbcas.2021.16090}
}

@article{Cao2021VIR-SLAM:Systems,
    title = {{VIR-SLAM: visual, inertial, and ranging SLAM for single and multi-robot systems}},
    year = {2021},
    journal = {Autonomous Robots},
    author = {Cao, Yanjun and Beltrame, Giovanni},
    number = {6},
    month = {9},
    pages = {905--917},
    volume = {45},
    publisher = {Springer},
    doi = {10.1007/s10514-021-09992-7},
    issn = {15737527},
    arxivId = {2006.00420}
}

@inproceedings{Darabi2011VisionFilter,
    title = {{Vision based simultaneous localization and mapping using Sigma Point Kalman Filter}},
    year = {2011},
    booktitle = {ROSE 2011 - IEEE International Symposium on Robotic and Sensors Environments, Proceedings},
    author = {Darabi, Samira and Mohamad Shahri, Alireza},
    doi = {10.1109/ROSE.2011.6058514}
}

@article{Servieres2021VisualBenchmarking,
    title = {{Visual and Visual-Inertial SLAM: State of the Art, Classification, and Experimental Benchmarking}},
    year = {2021},
    journal = {Journal of Sensors},
    author = {Servi{\`{e}}res, Myriam and Renaudin, Valérie and Dupuis, Alexis and Antigny, Nicolas},
    volume = {2021},
    publisher = {Hindawi Limited},
    doi = {10.1155/2021/2054828},
    issn = {16877268}
}

@misc{Taketomi2017Visual2016,
    title = {{Visual SLAM algorithms: A survey from 2010 to 2016}},
    year = {2017},
    booktitle = {IPSJ Transactions on Computer Vision and Applications},
    author = {Taketomi, Takafumi and Uchiyama, Hideaki and Ikeda, Sei},
    volume = {9},
    doi = {10.1186/s41074-017-0027-2},
    issn = {18826695}
}

@article{Li2022VisualDetection,
    title = {{Visual Slam in Dynamic Scenes Based on Object Tracking and Static Points Detection}},
    year = {2022},
    journal = {Journal of Intelligent and Robotic Systems: Theory and Applications},
    author = {Li, Gui Hai and Chen, Song Lin},
    number = {2},
    month = {2},
    volume = {104},
    publisher = {Springer Science and Business Media B.V.},
    doi = {10.1007/s10846-021-01563-3},
    issn = {15730409},
    keywords = {Dynamic scenes, Object tracking, Static points detection, Visual SLAM}
}

@article{Wu2022YOLO-SLAM:Constraint,
    title = {{YOLO-SLAM: A semantic SLAM system towards dynamic environment with geometric constraint}},
    year = {2022},
    journal = {Neural Computing and Applications},
    author = {Wu, Wenxin and Guo, Liang and Gao, Hongli and You, Zhichao and Liu, Yuekai and Chen, Zhiqiang},
    number = {8},
    month = {4},
    pages = {6011--6026},
    volume = {34},
    publisher = {Springer Science and Business Media Deutschland GmbH},
    doi = {10.1007/s00521-021-06764-3},
    issn = {14333058},
    keywords = {Dynamic environment, Geometric constraint, Object detection, Visual SLAM}
}